@misc{lin2020realtime,
      title={Real-Time Edge Intelligence in the Making: A Collaborative Learning Framework via Federated Meta-Learning}, 
      author={Sen Lin and Guang Yang and Junshan Zhang},
      year={2020},
      eprint={2001.03229},
      archivePrefix={arXiv},
      primaryClass={cs.LG}
}

@misc{ignatov2019ai,
      title={AI Benchmark: All About Deep Learning on Smartphones in 2019}, 
      author={Andrey Ignatov and Radu Timofte and Andrei Kulik and Seungsoo Yang and Ke Wang and Felix Baum and Max Wu and Lirong Xu and Luc Van Gool},
      year={2019},
      eprint={1910.06663},
      archivePrefix={arXiv},
      primaryClass={cs.PF}
}

@misc{finn2017modelagnostic,
      title={Model-Agnostic Meta-Learning for Fast Adaptation of Deep Networks}, 
      author={Chelsea Finn and Pieter Abbeel and Sergey Levine},
      year={2017},
      eprint={1703.03400},
      archivePrefix={arXiv},
      primaryClass={cs.LG}
}

@misc{frankle2019lottery,
      title={The Lottery Ticket Hypothesis: Finding Sparse, Trainable Neural Networks}, 
      author={Jonathan Frankle and Michael Carbin},
      year={2019},
      eprint={1803.03635},
      archivePrefix={arXiv},
      primaryClass={cs.LG}
}

@inproceedings{gai2019sparse,
  title={Sparse Model-Agnostic Meta-Learning Algorithm for Few-Shot Learning},
  author={Gai, Sibo and Wang, Donglin},
  booktitle={2019 2nd China Symposium on Cognitive Computing and Hybrid Intelligence (CCHI)},
  pages={127--130},
  year={2019},
  organization={IEEE}
}

@article{farmerhicks,
    author = {O’Grady, Michael and Langton, David and O'Hare, Gregory},
    year = {2019},
    month = {12},
    pages = {},
    title = {Edge computing: A tractable model for smart agriculture?},
    volume = {3},
    journal = {Artificial Intelligence in Agriculture},
    doi = {10.1016/j.aiia.2019.12.001}
}

@misc{zero_sign_supermask,
      title={Deconstructing Lottery Tickets: Zeros, Signs, and the Supermask}, 
      author={Hattie Zhou and Janice Lan and Rosanne Liu and Jason Yosinski},
      year={2020},
      eprint={1905.01067},
      archivePrefix={arXiv},
      primaryClass={cs.LG}
}

@misc{earlybird,
      title={Drawing early-bird tickets: Towards more efficient training of deep networks}, 
      author={Haoran You and Chaojian Li and Pengfei Xu and Yonggan Fu and Yue Wang and Xiaohan Chen and Richard G. Baraniuk and Zhangyang Wang and Yingyan Lin},
      year={2020},
      eprint={1909.11957},
      archivePrefix={arXiv},
      primaryClass={cs.LG}
}


@article{bioboios,
	Author = {Kaissis, Georgios A. and Makowski, Marcus R. and R{\"u}ckert, Daniel and Braren, Rickmer F.},
	Da = {2020/06/01},
	Date-Added = {2020-11-07 17:17:20 -0800},
	Date-Modified = {2020-11-07 17:17:20 -0800},
	Doi = {10.1038/s42256-020-0186-1},
	Id = {Kaissis2020},
	Isbn = {2522-5839},
	Journal = {Nature Machine Intelligence},
	Number = {6},
	Pages = {305--311},
	Title = {Secure, privacy-preserving and federated machine learning in medical imaging},
	Ty = {JOUR},
	Url = {https://doi.org/10.1038/s42256-020-0186-1},
	Volume = {2},
	Year = {2020},
	Bdsk-Url-1 = {https://doi.org/10.1038/s42256-020-0186-1}}


@inproceedings{10.1145/1454008.1454012,
author = {Park, Yoon-Joo and Tuzhilin, Alexander},
title = {The Long Tail of Recommender Systems and How to Leverage It},
year = {2008},
isbn = {9781605580937},
publisher = {Association for Computing Machinery},
address = {New York, NY, USA},
url = {https://doi.org/10.1145/1454008.1454012},
doi = {10.1145/1454008.1454012},
booktitle = {Proceedings of the 2008 ACM Conference on Recommender Systems},
pages = {11–18},
numpages = {8},
keywords = {clustering, data mining, long tail, recommendation},
location = {Lausanne, Switzerland},
series = {RecSys ’08}
}

@INPROCEEDINGS{4052704,
  author={T. K. {Quan} and I. {Fuyuki} and H. {Shinichi}},
  booktitle={2006 International Conference on Computational Inteligence for Modelling Control and Automation and International Conference on Intelligent Agents Web Technologies and International Commerce (CIMCA'06)}, 
  title={Improving Accuracy of Recommender System by Clustering Items Based on Stability of User Similarity}, 
  year={2006},
  volume={},
  number={},
  pages={61-61},
}

@ARTICLE{2016arXiv161101144J,
       author = {{Jang}, Eric and {Gu}, Shixiang and {Poole}, Ben},
        title = "{Categorical Reparameterization with Gumbel-Softmax}",
      journal = {arXiv e-prints},
     keywords = {Statistics - Machine Learning, Computer Science - Machine Learning},
         year = 2016,
        month = nov,
          eid = {arXiv:1611.01144},
        pages = {arXiv:1611.01144},
archivePrefix = {arXiv},
       eprint = {1611.01144},
 primaryClass = {stat.ML},
       adsurl = {https://ui.adsabs.harvard.edu/abs/2016arXiv161101144J},
      adsnote = {Provided by the SAO/NASA Astrophysics Data System}
}

@ARTICLE{stoa,
       author = {Lorenz {Muller}, Julien {Martel}, Giacomo {Indiveri}},
        title = "{Kernelized Synaptic Weight Matrices}",
      journal = {ICML | Thirty-fifth International Conference on Machine Learning},
     keywords = {Statistics - Machine Learning, Computer Science - Machine Learning},
         year = 2018,
        month = jul,
 primaryClass = {stat.ML},
       adsurl = {https://icml.cc/Conferences/2018/Schedule?showEvent=2141},
      adsnote = {Provided by the Thirty-fifth International Conference on Machine Learning}
}

@article{Dziugaite2015NeuralNM,
  title={Neural Network Matrix Factorization},
  author={Gintare Karolina Dziugaite and Daniel M. Roy},
  journal={ArXiv},
  year={2015},
  volume={abs/1511.06443}
}